
@book{art:what-are-containers,
    title   = {Use containers to Build, Share and Run your applications},
    url     = {https://www.docker.com/resources/what-container}
}

@book{art:automated-nginx-reverse-proxy,
    title   = {Automated NGINX reverse proxy},
    url     = {http://jasonwilder.com/blog/2014/03/25/automated-nginx-reverse-proxy-for-docker/}
}

@book{art:what-is-container-orchestration,
    title   = {What is container orchestration},
    url     = {https://www.redhat.com/en/topics/containers/what-is-container-orchestration}
}

@book{art:inno3-container-vs-virtual-machine,
    title   = {Inno3: container vs virtual machine},
    url     = {https://inno3.it/2020/01/22/container-e-virtual-machine-differenze-e-vantaggi/}
}

@book{art:redhat-container-vs-virtual-machine,
    title   = {RedHat: container vs virtual machine},
    url     = {https://www.redhat.com/en/topics/containers/containers-vs-vms}
}

@book{art:microsoft-container-vs-virtual-machine,
    title   = {Microsoft Docs: container vs virtual machine},
    url     = {https://docs.microsoft.com/en-us/virtualization/windowscontainers/about/containers-vs-vm}
}

@book{art:disaster-recovery,
    title   = {Disaster Recovery},
    url     = {https://www.vmware.com/it/topics/glossary/content/disaster-recovery.html}
}

@book{art:vmware-virtualization,
    title   = {VMWare: Introduzione alla virtualizzazione},
    url     = {https://www.vmware.com/it/solutions/virtualization.html}
}

@book{art:Redhat-hypervisor,
    title   = {RedHat: Introduzione agli hypervisor e confronto con i container},
    url     = {https://www.redhat.com/it/topics/virtualization/what-is-a-hypervisor}
}

@book{art:Hyper-V-Install,
    title   = {Hyper-V: Installazione e configurazione},
    url     = {https://docs.microsoft.com/en-us/virtualization/hyper-v-on-windows/quick-start/enable-hyper-v}
}

@book{art:Intel-VT,
    title   = {Intel: Virtualization technology},
    url     = {https://www.intel.com/content/www/us/en/virtualization/virtualization-technology/intel-virtualization-technology.html}
}

@book{art:Docker-API,
    title   = {Docker Docs: API},
    url     = {https://docs.docker.com/engine/api/}
}

@book{art:Loki-install-powershell,
    title   = {Loki: powershell install on Windows systems as a service},
    url     = {https://grafana.com/docs/loki/latest/installation/local/}
}

@book{art:promtail-install-powershell,
    title   = {Promtail: powershell install on Windows systems as a service},
    url     = {https://grafana.com/docs/loki/latest/clients/promtail/installation/}
}

@book{art:telegraf-install-powershell,
    title   = {Telegraf: powershell install on Windows systems as a service},
    url     = {https://docs.influxdata.com/telegraf/v1.20/administration/windows_service/}
}

@book{art:prometheus-install-powershell,
    title   = {Prometheus: powershell install on Windows systems as a service},
    url     = {https://github.com/jobec/powershell-prom-client}
}

@book{art:Docker-dockerfile-examples,
    title   = {Docker: dockerfile examples},
    url     = {https://docs.docker.com/get-started/}
}

@book{art:Docker-network,
    title   = {Docker: networking driver},
    url     = {https://docs.docker.com/network/}
}

@book{art:Docker-compose,
    title   = {Docker Compose: examples},
    url     = {https://docs.docker.com/compose/}
}

@book{art:Docker-compose-orchestration,
    title   = {Docker Compose: orchestration examples},
    url     = {https://docs.docker.com/compose/startup-order/}
}

@book{art:Docker-compose-container-monitoring,
    title   = {Docker Compose: container monitoring and restart policies},
    url     = {https://docs.docker.com/compose/startup-order/}
}

@book{art:Microsoft-NGINX-reverse-proxy-windows,
    title   = {Microsoft: install and configure NGINX as a reverse proxy},
    url     = {https://docs.microsoft.com/en-us/troubleshoot/aspnetcore/2-2-install-nginx-configure-it-reverse-proxy}
}

@book{art:NGINX-reverse-proxy-windows,
    title   = {NGINX: install and configure it as a reverse proxy},
    url     = {https://docs.nginx.com/nginx/admin-guide/web-server/reverse-proxy/}
}






@online{art:Docker-Hub,
    title   = {Docker Hub},
    url     = {https://hub.docker.com}
}
@online{art:Pat-Eu,
    title   = {Pat Eu},
    url     = {https://pat.eu}
}
@online{art:wikipedia,
    title   = {Wikipedia},
    url     = {https://it.wikipedia.org/}
}

@online{art:Docker-docs,
    title   = {Docker Documentation},
    url     = {https://docs.docker.com}
}

@online{art:NGINX-docs,
    title   = {NGINX Documentation},
    url     = {https://docs.nginx.com/}
}





